<record><leader>00000cas a22000007a 4500</leader><controlfield tag="001">49666538</controlfield><controlfield tag="008">020425c20029999caubr ne      0   a0eng d</controlfield><datafield ind1=" " ind2=" " tag="010"><subfield code="a">  2002213073</subfield></datafield><datafield ind1=" " ind2=" " tag="040"><subfield code="a">CSO</subfield><subfield code="b">eng</subfield><subfield code="c">CSO</subfield><subfield code="d">NSD</subfield><subfield code="d">OCLCQ</subfield><subfield code="d">OCLCF</subfield><subfield code="d">OCLCO</subfield></datafield><datafield ind1=" " ind2=" " tag="012"><subfield code="m">0</subfield></datafield><datafield ind1="0" ind2=" " tag="022"><subfield code="a">1542-5916</subfield><subfield code="l">1542-5916</subfield><subfield code="2">1</subfield></datafield><datafield ind1="1" ind2=" " tag="029"><subfield code="a">AU@</subfield><subfield code="b">000024225587</subfield></datafield><datafield ind1=" " ind2=" " tag="037"><subfield code="b">Media Freedom Foundation, 726 College Ave., Santa Rosa, CA 95401</subfield></datafield><datafield ind1=" " ind2=" " tag="042"><subfield code="a">nsdp</subfield><subfield code="a">msc</subfield></datafield><datafield ind1="1" ind2="0" tag="050"><subfield code="a">ISSN RECORD</subfield></datafield><datafield ind1=" " ind2="0" tag="222"><subfield code="a">North Bay progressive</subfield></datafield><datafield ind1="0" ind2="0" tag="245"><subfield code="a">North Bay progressive.</subfield></datafield><datafield ind1=" " ind2=" " tag="260"><subfield code="a">Santa Rosa, CA :</subfield><subfield code="b">North Bay Progressive,</subfield><subfield code="c">2002-</subfield></datafield><datafield ind1=" " ind2=" " tag="300"><subfield code="a">v. :</subfield><subfield code="b">ill. ;</subfield><subfield code="c">39 cm.</subfield></datafield><datafield ind1=" " ind2=" " tag="310"><subfield code="a">Bimonthly</subfield></datafield><datafield ind1="0" ind2=" " tag="362"><subfield code="a">Vol. 1, issue 1, (Mar. 4, 2002)-</subfield></datafield><datafield ind1=" " ind2=" " tag="500"><subfield code="a">Title from caption.</subfield></datafield><datafield ind1=" " ind2=" " tag="500"><subfield code="a">"All the news that didn't fit."</subfield></datafield><datafield ind1=" " ind2=" " tag="500"><subfield code="a">Published by: Media Freedom Foundation, &lt;July 2002-&gt;</subfield></datafield><datafield ind1=" " ind2="0" tag="651"><subfield code="a">Santa Rosa (Calif.)</subfield><subfield code="v">Newspapers.</subfield></datafield><datafield ind1=" " ind2="7" tag="655"><subfield code="a">Newspapers.</subfield><subfield code="2">fast</subfield><subfield code="0">(OCoLC)fst01423814</subfield></datafield><datafield ind1=" " ind2="7" tag="651"><subfield code="a">California</subfield><subfield code="z">Santa Rosa.</subfield><subfield code="2">fast</subfield><subfield code="0">(OCoLC)fst01214309</subfield></datafield><datafield ind1=" " ind2=" " tag="752"><subfield code="a">United States</subfield><subfield code="b">California</subfield><subfield code="d">Santa Rosa.</subfield></datafield><datafield ind1="2" ind2=" " tag="710"><subfield code="a">Media Freedom Foundation.</subfield></datafield><datafield ind1=" " ind2=" " tag="936"><subfield code="a">Vol. 1, issue 11 (July 24-Aug. 7, 2002) (Surrogate) LIC</subfield></datafield></record>